@inproceedings{pinheiro2013model,
	BIBITEMLABEL = "PES13",
	title={Model-Based Testing of RESTful Web Services Using UML Protocol State Machines},
	author={Pinheiro, Pedro Victor Pontes and Endo, Andre Takeshi and Simao, Adenilso},
	booktitle={Brazilian Workshop on Systematic and Automated Software Testing},
	year={2013},
	citation_count = 6	
}

@inproceedings{fertig2015model,
	title={Model-driven Testing of RESTful APIs},
	author={Fertig, Tobias and Braun, Peter},
	booktitle={Proceedings of the 24th International Conference on World Wide Web},
	pages={1497--1502},
	year={2015},
	organization={ACM},
	citation_count = 6
}

@inproceedings{arcuri2017restful,
	title={RESTful API Automated Test Case Generation},
	author={Arcuri, Andrea},
	booktitle={Software Quality, Reliability and Security (QRS), 2017 IEEE International Conference on},
	pages={9--20},
	year={2017},
	organization={IEEE},
	citation_count = 0
}

@inproceedings{chakrabarti2009test,
	title={Test-the-rest: An approach to testing restful web-services},
	author={Chakrabarti, Sujit Kumar and Kumar, Prashant},
	booktitle={Future Computing, Service Computation, Cognitive, Adaptive, Content, Patterns, 2009. COMPUTATIONWORLD'09. Computation World:},
	pages={302--308},
	year={2009},
	organization={IEEE},
	citation_count = 29
}

@inproceedings{lamela2013towards,
	title={Towards property-based testing of RESTful web services},
	author={Lamela Seijas, Pablo and Li, Huiqing and Thompson, Simon},
	booktitle={Proceedings of the twelfth ACM SIGPLAN workshop on Erlang},
	pages={77--78},
	year={2013},
	organization={ACM},
	citation_count = 4
}

@article{navas2014rest,
	title={REST service testing based on inferred XML schemas},
	author={Navas, Alvaro and Capelastegui, Pedro and Huertas, Francisco and Alonso-Rodriguez, Pablo and Due{\~n}as, Juan C},
	journal={Network Protocols and Algorithms},
	volume={6},
	number={2},
	pages={6--21},
	year={2014},
	citation_count = 2
}

@inproceedings{correa2012defining,
	title={Defining RESTful Web Services Test Cases from UML Models.},
	author={Correa, Alexandre L and Silva-de-Souza, Thiago and Schmitz, Eber Assis and Alencar, Antonio Juarez},
	booktitle={SEKE},
	pages={319--323},
	year={2012},
	citation_count = 1
}

@inproceedings{chakrabarti2010connectedness,
	title={Connectedness testing of restful web-services},
	author={Chakrabarti, Sujit Kumar and Rodriquez, Reswin},
	booktitle={Proceedings of the 3rd India software engineering conference},
	pages={143--152},
	year={2010},
	organization={ACM},
	citation_count = 14
}

@inproceedings{reza2010framework,
	title={A framework for testing RESTful web services},
	author={Reza, Hassan and Van Gilst, David},
	booktitle={Information Technology: New Generations (ITNG), 2010 Seventh International Conference on},
	pages={216--221},
	year={2010},
	organization={IEEE},
	citation_count = 12
}