@inproceedings{pinheiro2013model,
	BIBITEMLABEL = "PES13",
	title={Model-Based Testing of RESTful Web Services Using UML Protocol State Machines},
	author={Pinheiro, Pedro Victor Pontes and Endo, Andre Takeshi and Simao, Adenilso},
	booktitle={Brazilian Workshop on Systematic and Automated Software Testing},
	year={2013},
	citation_count = 6	
}

@inproceedings{arcuri2017restful,
	title={RESTful API Automated Test Case Generation},
	author={Arcuri, Andrea},
	booktitle={Software Quality, Reliability and Security (QRS), 2017 IEEE International Conference on},
	pages={9--20},
	year={2017},
	organization={IEEE},
	citation_count = 0
}

@inproceedings{chakrabarti2009test,
	title={Test-the-rest: An approach to testing restful web-services},
	author={Chakrabarti, Sujit Kumar and Kumar, Prashant},
	booktitle={Future Computing, Service Computation, Cognitive, Adaptive, Content, Patterns, 2009. COMPUTATIONWORLD'09. Computation World:},
	pages={302--308},
	year={2009},
	organization={IEEE},
	citation_count = 29
}

@article{navas2014rest,
	title={REST service testing based on inferred XML schemas},
	author={Navas, Alvaro and Capelastegui, Pedro and Huertas, Francisco and Alonso-Rodriguez, Pablo and Due{\~n}as, Juan C},
	journal={Network Protocols and Algorithms},
	volume={6},
	number={2},
	pages={6--21},
	year={2014},
	citation_count = 2
}

@inproceedings{chakrabarti2010connectedness,
	title={Connectedness testing of restful web-services},
	author={Chakrabarti, Sujit Kumar and Rodriquez, Reswin},
	booktitle={Proceedings of the 3rd India software engineering conference},
	pages={143--152},
	year={2010},
	organization={ACM},
	citation_count = 14
}

@article{canfora2009service,
	title={Service-oriented architectures testing: A survey},
	author={Canfora, Gerardo and Di Penta, Massimiliano},
	journal={Software Engineering},
	pages={78--105},
	year={2009},
	publisher={Springer}
}

@article{canfora2006testing,
	title={Testing services and service-centric systems: Challenges and opportunities},
	author={Canfora, Gerardo and Di Penta, Massimiliano},
	journal={IT Professional},
	volume={8},
	number={2},
	pages={10--17},
	year={2006},
	publisher={IEEE}
}

@article{bozkurt2013testing,
	title={Testing and verification in service-oriented architecture: a survey},
	author={Bozkurt, Mustafa and Harman, Mark and Hassoun, Youssef},
	journal={Software Testing, Verification and Reliability},
	volume={23},
	number={4},
	pages={261--313},
	year={2013},
	publisher={Wiley Online Library}
}

% Silebiliriz belki
@article{jayathilakaservice,
	title={Service-driven Computing with APIs: Challenges and Emerging Trends},
	author={Jayathilaka, Hiranya and Krintz, Chandra and Wolski, Rich},
	year = 2016
}

@online{programmableweb,
	author = {ProgrammableWeb},
	title = {ProgrammableWeb is an information and news source about the Web as a programmable platform},
	year = 2005,
	url = {https://www.programmableweb.com/},
	urldate = {2017-10-03}
}

% bunu silebiliriz
@online{soapui,
	author = {SmartBear},
	title = {The Complete API Test Automation Framework for SOAP, REST and More},
	year = 2005,
	url = {https://www.soapui.org/},
	urldate = {2017-10-03}
}